@misc{atcoder,
  title= "{AtCoderSubmission}",
  howpublished="\url{https://atcoder.jp/contests/abc162/submissions/11994292}"
}
