@misc{deeplabv3_official,
  title = {{deeplabv3}},
  howpublished = {\url{https://github.com/tensorflow/models}}
}

@misc{cite1,
  title = {{最強のSemantic Segmentation、Deep lab v3 plus}},
  howpublished = {\url{https://qiita.com/harmegiddo/items/b11decca0769fc108ec9}}
}

@misc{cite2,
  title = {{DeepLab v3+でオリジナルデータを学習してセグメンテーションできるようにする}},
  howpublished = {\url{https://qiita.com/mine820/items/7a08fad3847f2981cb01}}
}

@misc{cite3,
  title = {{deeplab v3+でオリジナルデータを学習させる}},
  howpublished = {\url{https://azurex.hatenablog.com/entry/2019/03/18/185059}}
}

@misc{pascal-voc-2012,
	author = "Everingham, M. and Van~Gool, L. and Williams, C. K. I. and Winn, J. and Zisserman, A.",
	title = "The {PASCAL} {V}isual {O}bject {C}lasses {C}hallenge 2012 {(VOC2012)} {R}esults",
	howpublished = "http://www.pascal-network.org/challenges/VOC/voc2012/workshop/index.html"}	