@article{DBLP:journals/corr/abs-1801-02929,
  author    = {Hiroshi Inoue},
  title     = {Data Augmentation by Pairing Samples for Images Classification},
  journal   = {CoRR},
  volume    = {abs/1801.02929},
  year      = {2018},
  url       = {http://arxiv.org/abs/1801.02929},
  archivePrefix = {arXiv},
  eprint    = {1801.02929},
  timestamp = {Mon, 13 Aug 2018 16:46:20 +0200},
  biburl    = {https://dblp.org/rec/journals/corr/abs-1801-02929.bib},
  bibsource = {dblp computer science bibliography, https://dblp.org}
}

@article{DBLP:journals/corr/abs-1905-00397,
  author    = {Sungbin Lim and
               Ildoo Kim and
               Taesup Kim and
               Chiheon Kim and
               Sungwoong Kim},
  title     = {Fast AutoAugment},
  journal   = {CoRR},
  volume    = {abs/1905.00397},
  year      = {2019},
  url       = {http://arxiv.org/abs/1905.00397},
  archivePrefix = {arXiv},
  eprint    = {1905.00397},
  timestamp = {Mon, 27 May 2019 13:15:00 +0200},
  biburl    = {https://dblp.org/rec/journals/corr/abs-1905-00397.bib},
  bibsource = {dblp computer science bibliography, https://dblp.org}
}

@misc{fastautoaugument,
  title= "{JunYeopLee/fast-autoaugment-efficientnet-pytorch}",
  howpublished="\url{https://github.com/JunYeopLee/fast-autoaugment-efficientnet-pytorch}"
}

@article{Cubuk2019RandAugmentPA,
  title={RandAugment: Practical automated data augmentation with a reduced search space},
  author={Ekin D. Cubuk and Barret Zoph and Jonathon Shlens and Quoc V. Le},
  journal={arXiv: Computer Vision and Pattern Recognition},
  year={2019}
}

@inproceedings{47596,
title	= {Population Based Training as a Service},
author	= {Ang Li and Ola Spyra and Sagi Perel and Valentin Dalibard and Max Jaderberg and Chenjie Gu and David Budden and Tim Harley and Pramod Gupta},
year	= {2018},
booktitle	= {NIPS Systems for ML Workshop}
}

@article{DBLP:journals/corr/abs-1711-09846,
  author    = {Max Jaderberg and
               Valentin Dalibard and
               Simon Osindero and
               Wojciech M. Czarnecki and
               Jeff Donahue and
               Ali Razavi and
               Oriol Vinyals and
               Tim Green and
               Iain Dunning and
               Karen Simonyan and
               Chrisantha Fernando and
               Koray Kavukcuoglu},
  title     = {Population Based Training of Neural Networks},
  journal   = {CoRR},
  volume    = {abs/1711.09846},
  year      = {2017},
  url       = {http://arxiv.org/abs/1711.09846},
  archivePrefix = {arXiv},
  eprint    = {1711.09846},
  timestamp = {Mon, 13 Aug 2018 16:48:08 +0200},
  biburl    = {https://dblp.org/rec/journals/corr/abs-1711-09846.bib},
  bibsource = {dblp computer science bibliography, https://dblp.org}
}

@article{DBLP:journals/corr/abs-1905-05393,
  author    = {Daniel Ho and
               Eric Liang and
               Ion Stoica and
               Pieter Abbeel and
               Xi Chen},
  title     = {Population Based Augmentation: Efficient Learning of Augmentation
               Policy Schedules},
  journal   = {CoRR},
  volume    = {abs/1905.05393},
  year      = {2019},
  url       = {http://arxiv.org/abs/1905.05393},
  archivePrefix = {arXiv},
  eprint    = {1905.05393},
  timestamp = {Tue, 28 May 2019 12:48:08 +0200},
  biburl    = {https://dblp.org/rec/journals/corr/abs-1905-05393.bib},
  bibsource = {dblp computer science bibliography, https://dblp.org}
}

@article{SAschedule,
  title={最良解を基準とするSAの適応的温度スケジュール},
  author={輪湖 純也 and 三木 光範 and 廣安 知之},
  journal={最適化シンポジウム講演論文集},
  volume={2004.6},
  number={ },
  pages={7-12},
  year={2004},
  doi={10.1299/jsmeoptis.2004.6.7}
}
