@article{DBLP:journals/corr/LongSD14,
  author    = {Jonathan Long and Evan Shelhamer and Trevor Darrell},
  title     = {Fully Convolutional Networks for Semantic Segmentation},
  journal   = {CoRR},
  volume    = {abs/1411.4038},
  year      = {2014},
  url       = {http://arxiv.org/abs/1411.4038},
  archivePrefix = {arXiv},
  eprint    = {1411.4038},
  timestamp = {Mon, 13 Aug 2018 16:48:17 +0200},
  biburl    = {https://dblp.org/rec/bib/journals/corr/LongSD14},
  bibsource = {dblp computer science bibliography, https://dblp.org}
}

@article{badrinarayanan2015segnet2,
  title={SegNet: A Deep Convolutional Encoder-Decoder Architecture for Robust Semantic Pixel-Wise Labelling},
  author={Badrinarayanan, Vijay and Handa, Ankur, and Cipolla, Roberto},
  journal={arXiv preprint arXiv:1505.07293},
  year={2015}
}

@article{DBLP:journals/corr/RonnebergerFB15,
  author    = {Olaf Ronneberger and
               Philipp Fischer and
               Thomas Brox},
  title     = {U-Net: Convolutional Networks for Biomedical Image Segmentation},
  journal   = {CoRR},
  volume    = {abs/1505.04597},
  year      = {2015},
  url       = {http://arxiv.org/abs/1505.04597},
  archivePrefix = {arXiv},
  eprint    = {1505.04597},
  timestamp = {Mon, 13 Aug 2018 16:46:52 +0200},
  biburl    = {https://dblp.org/rec/bib/journals/corr/RonnebergerFB15},
  bibsource = {dblp computer science bibliography, https://dblp.org}
}

@article{DBLP:journals/corr/abs-1802-02611,
  author    = {Liang{-}Chieh Chen and
               Yukun Zhu and
               George Papandreou and
               Florian Schroff and
               Hartwig Adam},
  title     = {Encoder-Decoder with Atrous Separable Convolution for Semantic Image
               Segmentation},
  journal   = {CoRR},
  volume    = {abs/1802.02611},
  year      = {2018},
  url       = {http://arxiv.org/abs/1802.02611},
  archivePrefix = {arXiv},
  eprint    = {1802.02611},
  timestamp = {Mon, 13 Aug 2018 16:47:38 +0200},
  biburl    = {https://dblp.org/rec/bib/journals/corr/abs-1802-02611},
  bibsource = {dblp computer science bibliography, https://dblp.org}
}

@Article{Everingham10, 
   author = "Everingham, M. and Van~Gool, L. and Williams, C. K. I. and Winn, J. and Zisserman, A.", 
   title = "The Pascal Visual Object Classes (VOC) Challenge", 
   journal = "International Journal of Computer Vision", 
   volume = "88", 
   year = "2010", 
   number = "2", 
   month = jun, 
   pages = "303--338", 
} 

@inproceedings{Silberman:ECCV12,
  author    = {Nathan Silberman, Derek Hoiem, Pushmeet Kohli and Rob Fergus},
  title     = {Indoor Segmentation and Support Inference from RGBD Images},
  booktitle = {ECCV},
  year      = {2012}
}

@article{Liu:2011:SFD:1963053.1963093,
 author = {Liu, Ce and Yuen, Jenny and Torralba, Antonio},
 title = {SIFT Flow: Dense Correspondence Across Scenes and Its Applications},
 journal = {IEEE Trans. Pattern Anal. Mach. Intell.},
 issue_date = {May 2011},
 volume = {33},
 number = {5},
 month = may,
 year = {2011},
 issn = {0162-8828},
 pages = {978--994},
 numpages = {17},
 url = {http://dx.doi.org/10.1109/TPAMI.2010.147},
 doi = {10.1109/TPAMI.2010.147},
 acmid = {1963093},
 publisher = {IEEE Computer Society},
 address = {Washington, DC, USA},
 keywords = {SIFT flow, Scene alignment, Scene alignment, dense scene correspondence, SIFT flow, coarse to fine, belief propagation, alignment-based large database framework, satellite image registration, face recognition, motion prediction for a single image, motion synthesis via object transfer., alignment-based large database framework, belief propagation, coarse to fine, dense scene correspondence, face recognition, motion prediction for a single image, motion synthesis via object transfer., satellite image registration},
} 
s