@INPROCEEDINGS{8953317,  author={E. D. {Cubuk} and B. {Zoph} and D. {Man√©} and V. {Vasudevan} and Q. V. {Le}},  booktitle={2019 IEEE/CVF Conference on Computer Vision and Pattern Recognition (CVPR)},  title={AutoAugment: Learning Augmentation Strategies From Data},   year={2019},  volume={},  number={},  pages={113-123},}
@article{DBLP:journals/corr/abs-1801-02929,
  author    = {Hiroshi Inoue},
  title     = {Data Augmentation by Pairing Samples for Images Classification},
  journal   = {CoRR},
  volume    = {abs/1801.02929},
  year      = {2018},
  url       = {http://arxiv.org/abs/1801.02929},
  archivePrefix = {arXiv},
  eprint    = {1801.02929},
  timestamp = {Mon, 13 Aug 2018 16:46:20 +0200},
  biburl    = {https://dblp.org/rec/journals/corr/abs-1801-02929.bib},
  bibsource = {dblp computer science bibliography, https://dblp.org}
}
@article{DBLP:journals/corr/abs-1708-04552,
  author    = {Terrance Devries and
               Graham W. Taylor},
  title     = {Improved Regularization of Convolutional Neural Networks with Cutout},
  journal   = {CoRR},
  volume    = {abs/1708.04552},
  year      = {2017},
  url       = {http://arxiv.org/abs/1708.04552},
  archivePrefix = {arXiv},
  eprint    = {1708.04552},
  timestamp = {Mon, 13 Aug 2018 16:45:57 +0200},
  biburl    = {https://dblp.org/rec/journals/corr/abs-1708-04552.bib},
  bibsource = {dblp computer science bibliography, https://dblp.org}
}
@article{DBLP:journals/corr/abs-1708-04896,
  author    = {Zhun Zhong and
               Liang Zheng and
               Guoliang Kang and
               Shaozi Li and
               Yi Yang},
  title     = {Random Erasing Data Augmentation},
  journal   = {CoRR},
  volume    = {abs/1708.04896},
  year      = {2017},
  url       = {http://arxiv.org/abs/1708.04896},
  archivePrefix = {arXiv},
  eprint    = {1708.04896},
  timestamp = {Mon, 13 Aug 2018 16:47:52 +0200},
  biburl    = {https://dblp.org/rec/journals/corr/abs-1708-04896.bib},
  bibsource = {dblp computer science bibliography, https://dblp.org}
}
