@article{DBLP:journals/corr/abs-1901-02985,
  author    = {Chenxi Liu and
               Liang{-}Chieh Chen and
               Florian Schroff and
               Hartwig Adam and
               Wei Hua and
               Alan L. Yuille and
               Li Fei{-}Fei},
  title     = {Auto-DeepLab: Hierarchical Neural Architecture Search for Semantic
               Image Segmentation},
  journal   = {CoRR},
  volume    = {abs/1901.02985},
  year      = {2019},
  url       = {http://arxiv.org/abs/1901.02985},
  archivePrefix = {arXiv},
  eprint    = {1901.02985},
  timestamp = {Mon, 22 Jul 2019 14:55:30 +0200},
  biburl    = {https://dblp.org/rec/bib/journals/corr/abs-1901-02985},
  bibsource = {dblp computer science bibliography, https://dblp.org}
}

@article{DBLP:journals/corr/TantiGC17,
  author    = {Marc Tanti and
               Albert Gatt and
               Kenneth P. Camilleri},
  title     = {Where to put the Image in an Image Caption Generator},
  journal   = {CoRR},
  volume    = {abs/1703.09137},
  year      = {2017},
  url       = {http://arxiv.org/abs/1703.09137},
  archivePrefix = {arXiv},
  eprint    = {1703.09137},
  timestamp = {Mon, 13 Aug 2018 16:48:02 +0200},
  biburl    = {https://dblp.org/rec/bib/journals/corr/TantiGC17},
  bibsource = {dblp computer science bibliography, https://dblp.org}
}

@misc{pytorch_segmentation,
  title = {{pytorch\_segmentation}},
  howpublished = {\url{https://github.com/yassouali/pytorch_segmentation}}
}

@misc{deeplabv3_official,
  title = {{deeplabv3}},
  howpublished = {\url{https://github.com/tensorflow/models}}
}

@misc{cite1,
  title = {{最強のSemantic Segmentation、Deep lab v3 plus}},
  howpublished = {\url{https://qiita.com/harmegiddo/items/b11decca0769fc108ec9}}
}

@misc{cite2,
  title = {{DeepLab v3+でオリジナルデータを学習してセグメンテーションできるようにする}},
  howpublished = {\url{https://qiita.com/mine820/items/7a08fad3847f2981cb01}}
}

@misc{cite3,
  title = {{deeplab v3+でオリジナルデータを学習させる}},
  howpublished = {\url{https://azurex.hatenablog.com/entry/2019/03/18/185059}}
}

@misc{nlp-research,
  title = {{AI LAB NLP}},
  howpublished = {\url{https://ai-lab.lapras.com/nlp/text-generation-2019/}}
}

@misc{auto-ml,
  title = {{awesome-automl-papers}},
  howpublished = {\url{https://github.com/hibayesian/awesome-automl-papers}}
}

@unknown{automl-sota,
author = {He, Xin and Zhao, Kaiyong and Chu, Xiaowen},
year = {2019},
month = {08},
pages = {},
title = {AutoML: A Survey of the State-of-the-Art}
}

@misc{pascal-voc-2012,
	author = "Everingham, M. and Van~Gool, L. and Williams, C. K. I. and Winn, J. and Zisserman, A.",
	title = "The {PASCAL} {V}isual {O}bject {C}lasses {C}hallenge 2012 {(VOC2012)} {R}esults",
	howpublished = "http://www.pascal-network.org/challenges/VOC/voc2012/workshop/index.html"}	
