@article{DBLP:journals/corr/abs-1905-00397,
  author    = {Sungbin Lim and
               Ildoo Kim and
               Taesup Kim and
               Chiheon Kim and
               Sungwoong Kim},
  title     = {Fast AutoAugment},
  journal   = {CoRR},
  volume    = {abs/1905.00397},
  year      = {2019},
  url       = {http://arxiv.org/abs/1905.00397},
  archivePrefix = {arXiv},
  eprint    = {1905.00397},
  timestamp = {Mon, 27 May 2019 13:15:00 +0200},
  biburl    = {https://dblp.org/rec/journals/corr/abs-1905-00397.bib},
  bibsource = {dblp computer science bibliography, https://dblp.org}
}
